!INVITEM	NAME	REFNUM	TIMESTAMP	INVITEMTYPE	DESC	PURCHASEDESC	ACCNT	ASSETACCNT	COGSACCNT	QNTY	VALUE	PRICE	COST	TAXABLE	SALESTAXCODE	PAYMETH	TAXVEND	PREFVEND	REORDERPOINT	EXTRA	CUSTFLD1	CUSTFLD2	CUSTFLD3	CUSTFLD4	CUSTFLD5	DEP_TYPE	ISPASSEDTHRU	HIDDEN	DELCOUNT	USEID	ISNEW	PO_NUM	SERIALNUM	WARRANTY	LOCATION	VENDOR	ASSETDESC	SALEDATE	SALEEXPENSE	NOTES	ASSETNUM	COSTBASIS	ACCUMDEPR	UNRECBASIS	PURCHASEDATE
INVITEM	Athleta skirt NWOT	4	1580422347	INVENTORY			Merchandise Sales:Poshmark	Inventory Asset:Skirts	Cost of Goods Sold	1	0	0	50	N												0	N	N	0	N	Y								0			0	0	0	
!TRNS	TRNSID	TRNSTYPE	DATE	ACCNT	NAME	CLASS	AMOUNT	DOCNUM	MEMO	CLEAR	TOPRINT	ADDR1	ADDR2	ADDR3	ADDR4	ADDR5	DUEDATE	TERMS	PAID	SHIPDATE																									
!SPL	SPLID	TRNSTYPE	DATE	ACCNT	NAME	CLASS	AMOUNT	DOCNUM	MEMO	CLEAR	QNTY	PRICE	INVITEM	PAYMETH	TAXABLE	REIMBEXP	EXTRA																												
!ENDTRNS																																													
TRNS		INVOICE	3/4/2019	Accounts Receivable	Poshmark		5.25			N	N									03/04/2019																			N	N					
SPL		INVOICE	3/4/2019	Merchandise Sales:Poshmark			-10			N	-1	10	Athleta skirt NWOT		N	N																													
SPL		INVOICE	3/4/2019	Cost of Sales:Sales Platform Fees:Poshmark Platform Fee			4.75			N		-4.75	Poshmark's Fee		N	N																													
ENDTRNS																																													
